@article{VRP,
author = {Elalouf, Amir and Tsadikovich, Dmitry and Hovav, Sharon},
year = {2021},
month = {03},
pages = {1-18},
title = {A simulation-based approach for improving the clinical blood sample supply chain},
volume = {24},
journal = {Health Care Management Science},
doi = {10.1007/s10729-020-09534-0}
}